% This file was created with Citavi 6.8.0.0

@book{Dembowski.2011,
 author = {Dembowski, Klaus},
 year = {2011},
 title = {Energy Harvesting für die Mikroelektronik},
 publisher = {VDE-Verl.},
 isbn = {9783800732340},
 subtitle = {Energieeffiziente und -autarke Lösungen für drahtlose Sensorsysteme},
 language = {ger},
 location = {Berlin and Offenbach},
 abstract = {},
 file = {http://d-nb.info/1014095778/04}
}


